@article {MR2118271,
    AUTHOR = {Schmith\"{u}sen, Gabriela},
     TITLE = {An algorithm for finding the {V}eech group of an origami},
   JOURNAL = {Experiment. Math.},
  FJOURNAL = {Experimental Mathematics},
    VOLUME = {13},
      YEAR = {2004},
    NUMBER = {4},
     PAGES = {459--472},
      ISSN = {1058-6458},
   MRCLASS = {30F35 (20H10 32G15 37F99)},
  MRNUMBER = {2118271},
MRREVIEWER = {Alexander Zvonkin},
       URL = {http://projecteuclid.org/euclid.em/1109106438},
}

@Misc{Delecroix,
author =   {Vincent Delecroix, Charles Fougeron,Samuel Leli√®vre},
title =    {surface_dynamics SageMath package version 0.4.0},
howpublished = {\url{https://pypi.org/project/surface_dynamics/}},
}

@Misc{	ONF,
	author = {McKay, Brendan},
	TITLE  = {The Simultaneous Conjugacy Problem in the symmetric group S_N},
	URL = {https://mathoverflow.net/questions/162428/the-simultaneous-conjugacy-problem-in-the-symmetric-group-s-n/2},
}
