@phdthesis{phd_zmiaikou,
    title    = {Origamis and permutation groups},
    school   = {University Paris-Sud},
    author   = {Zmiaikou, David},
    year     = {2011},
}

@phdthesis{phd_schmithuesen,
    title    = {Veech Groups of Origamis},
    school   = {University of Karlsruhe},
    author   = {Schmith\"{u}sen, Gabriela},
    year     = {2005},
}

@article {veech_alg_schmithuesen,
    AUTHOR = {Schmith\"{u}sen, Gabriela},
     TITLE = {An algorithm for finding the {V}eech group of an origami},
   JOURNAL = {Experiment. Math.},
  FJOURNAL = {Experimental Mathematics},
      YEAR = {2004}
}

@article {teichmueller_discs_hubert_lelievre,
    AUTHOR = {Hubert, Pascal and Leli\`evre, Samuel},
     TITLE = {Prime arithmetic {T}eichm\"{u}ller discs in {$\mathcal H(2)$}},
   JOURNAL = {Israel J. Math.},
  FJOURNAL = {Israel Journal of Mathematics},
      YEAR = {2006}
}

@misc{inf_transl_surf_randecker,
  AUTHOR  = {Randecker, Anja},
  TITLE   = {Skript zur {V}ortragsreihe {U}nendliche {T}ranslationsfl\"{a}chen},
  YEAR    = {2017},
  URL			= {\url{http://www.math.kit.edu/iag3/~randecker/media/unendliche\_translationsflaechen.pdf}}
}


@incollection {flat_surf_zorich,
    AUTHOR = {Zorich, Anton},
     TITLE = {Flat surfaces},
 BOOKTITLE = {Frontiers in number theory, physics, and geometry. {I}},
 PUBLISHER = {Springer, Berlin},
      YEAR = {2006}
}

@Misc{surface_dynamics,
  author        = {Vincent Delecroix, Charles Fougeron, Samuel Leli\`evre},
  title         = {surface\_dynamics SageMath package version 0.4.0},
  howpublished  = {\url{https://pypi.org/project/surface_dynamics/}}
}


@misc{ShadowVeechGroups,
  doi = {10.48550/ARXIV.2206.06595},
  
  url = {https://arxiv.org/abs/2206.06595},
  
  author = {Bonnafoux, Etienne and Kany, Manuel and Kattler, Pascal and Matheus, Carlos and Niño, Rogelio and Sedano-Mendoza, Manuel and Valdez, Ferrán and Weitze-Schmithüsen, Gabriela},
  
  keywords = {Dynamical Systems (math.DS), Geometric Topology (math.GT), FOS: Mathematics, FOS: Mathematics},
  
  title = {Arithmeticity of the Kontsevich--Zorich monodromies of certain families of square-tiled surfaces},
  
  publisher = {arXiv},
  
  year = {2022},
  
  copyright = {Creative Commons Attribution 4.0 International}
}
