@article {MR2118271,
    AUTHOR = {Schmith\"{u}sen, Gabriela},
     TITLE = {An algorithm for finding the {V}eech group of an origami},
   JOURNAL = {Experiment. Math.},
  FJOURNAL = {Experimental Mathematics},
    VOLUME = {13},
      YEAR = {2004},
    NUMBER = {4},
     PAGES = {459--472},
      ISSN = {1058-6458},
   MRCLASS = {30F35 (20H10 32G15 37F99)},
  MRNUMBER = {2118271},
MRREVIEWER = {Alexander Zvonkin},
       URL = {http://projecteuclid.org/euclid.em/1109106438},
}

@Misc{Delecroix,
author =   {Vincent Delecroix, Charles Fougeron, Samuel Leli\`evre},
title =    {surface\_dynamics SageMath package version 0.4.0},
howpublished = {\url{https://pypi.org/project/surface_dynamics/}},
}

@Misc{	ONF,
	author = {McKay, Brendan},
	TITLE  = {The Simultaneous Conjugacy Problem in the symmetric group S\_N},
	howpublished = {\url{https://mathoverflow.net/questions/162428/the-simultaneous-conjugacy-problem-in-the-symmetric-group-s-n/2}},
}


@phdthesis{PHD1,
    title    = {Origamis and permutation groups},
    school   = {University Paris-Sud},
    author   = {Zmiaikou, David},
    year     = {2011},
}

@phdthesis{PHD2,
    title    = {Veech Groups of Origamis},
    school   = {University Karlsruhe},
    author   = {Schmith\"{u}sen, Gabriela},
    year     = {2005},
}

@article {MR2214127,
    AUTHOR = {Hubert, Pascal and Leli\`evre, Samuel},
     TITLE = {Prime arithmetic {T}eichm\"{u}ller discs in {$\mathcal H(2)$}},
   JOURNAL = {Israel J. Math.},
  FJOURNAL = {Israel Journal of Mathematics},
    VOLUME = {151},
      YEAR = {2006},
     PAGES = {281--321},
      ISSN = {0021-2172},
   MRCLASS = {37D40 (30F30 32G15 37D50)},
  MRNUMBER = {2214127},
MRREVIEWER = {Thomas A. Schmidt},
       DOI = {10.1007/BF02777365},
       URL = {https://doi.org/10.1007/BF02777365},
}

@misc{Lec,
  AUTHOR        = {Randecker, Anja},
  TITLE         = {Skript zur {V}ortragsreihe {U}nendliche {T}ranslationsfl\"{a}chen},
  YEAR          = {2017},
  URL			= {\url{http://www.math.kit.edu/iag3/~randecker/media/unendliche\_translationsflaechen.pdf}},
}


@incollection {MR2261104,
    AUTHOR = {Zorich, Anton},
     TITLE = {Flat surfaces},
 BOOKTITLE = {Frontiers in number theory, physics, and geometry. {I}},
     PAGES = {437--583},
 PUBLISHER = {Springer, Berlin},
      YEAR = {2006},
   MRCLASS = {37D40 (30F30 32G15 37D50 57M50)},
  MRNUMBER = {2261104},
MRREVIEWER = {Thomas A. Schmidt},
       DOI = {10.1007/978-3-540-31347-2\_13},
       URL = {https://doi.org/10.1007/978-3-540-31347-2\_13},
}
